<record><leader>00000cas a2200000 a 4500</leader><controlfield tag="001">17007423</controlfield><controlfield tag="008">871120d18971911inudn ne      0    0eng c</controlfield><datafield ind1=" " ind2=" " tag="010"><subfield code="a">sn 87055262 </subfield></datafield><datafield ind1=" " ind2=" " tag="040"><subfield code="a">NPI</subfield><subfield code="b">eng</subfield><subfield code="c">NPI</subfield><subfield code="d">NVF</subfield><subfield code="d">OCLCQ</subfield><subfield code="d">IUL</subfield><subfield code="d">OCLCF</subfield><subfield code="d">IUL</subfield></datafield><datafield ind1=" " ind2=" " tag="042"><subfield code="a">pcc</subfield></datafield><datafield ind1=" " ind2=" " tag="043"><subfield code="a">n-us-in</subfield></datafield><datafield ind1="0" ind2="4" tag="245"><subfield code="a">The Attica daily ledger.</subfield></datafield><datafield ind1=" " ind2=" " tag="260"><subfield code="a">Attica, Ind. :</subfield><subfield code="b">Attica Ledger Print. Co.</subfield></datafield><datafield ind1=" " ind2=" " tag="300"><subfield code="a">volumes</subfield></datafield><datafield ind1=" " ind2=" " tag="310"><subfield code="a">Daily (except Sunday)</subfield></datafield><datafield ind1="1" ind2=" " tag="362"><subfield code="a">Began in Jan. 1897; ceased in Oct. 1911.</subfield></datafield><datafield ind1=" " ind2=" " tag="580"><subfield code="a">Weekly ed.: Attica ledger (Attica, Ind. : 1868), &lt;1904&gt;-1911.</subfield></datafield><datafield ind1=" " ind2=" " tag="588"><subfield code="a">Description based on: 6th year (July 1, 1901); title from masthead.</subfield></datafield><datafield ind1=" " ind2=" " tag="588"><subfield code="a">Latest issue consulted: December 31, 1910; U.S. Newspaper Archive (viewed Aug. 9, 2017).</subfield></datafield><datafield ind1=" " ind2="0" tag="651"><subfield code="a">Attica (Ind.)</subfield><subfield code="v">Newspapers.</subfield></datafield><datafield ind1=" " ind2="0" tag="651"><subfield code="a">Fountain County (Ind.)</subfield><subfield code="v">Newspapers.</subfield></datafield><datafield ind1=" " ind2="7" tag="651"><subfield code="a">Indiana</subfield><subfield code="z">Attica.</subfield><subfield code="2">fast</subfield><subfield code="0">(OCoLC)fst01257331</subfield></datafield><datafield ind1=" " ind2="7" tag="651"><subfield code="a">Indiana</subfield><subfield code="z">Fountain County.</subfield><subfield code="2">fast</subfield><subfield code="0">(OCoLC)fst01210374</subfield></datafield><datafield ind1=" " ind2="7" tag="655"><subfield code="a">Newspapers.</subfield><subfield code="2">fast</subfield><subfield code="0">(OCoLC)fst01423814</subfield></datafield><datafield ind1=" " ind2=" " tag="752"><subfield code="a">United States</subfield><subfield code="b">Indiana</subfield><subfield code="c">Fountain</subfield><subfield code="d">Attica.</subfield></datafield><datafield ind1="1" ind2=" " tag="775"><subfield code="t">Attica ledger (Attica, Ind. : 1868)</subfield><subfield code="w">(DLC)sn 84027100</subfield><subfield code="w">(OCoLC)10872241</subfield></datafield><datafield ind1="0" ind2="0" tag="780"><subfield code="t">Attica evening news</subfield></datafield><datafield ind1="4" ind2="1" tag="856"><subfield code="u">https://access.newspaperarchive.com/us/indiana/attica/attica-daily-ledger/</subfield></datafield></record>